% Bibliography Entries

@article{meuwissen2001,
author={Meuwissen, T. H. E. and Hayes, B. J. and Goddard, M. E.},
title={Prediction of Total Genetic Value Using Genome-Wide Dense Marker Maps},
journal={Genetics},
year={2001},
volume={157},
pages={1819-1829},

}

@article{gianola2006,
author={Gianola, Daniel and Fernando, Rohan L. and Stella, Alessandra},
title={Genomic-assisted Prediction of Genetic Value with Semiparametric Procedures},
journal={Genetics},
year={2006},
volume={173},
pages={1761-1776},
}

@book{fehr1987,
author={Walter R. Fehr},
title={Principles of Cultivar Development},
publisher={Macmillian Publishing Co.},
year={1987},
volume={1},
note={Reprinted 1993},
}
